<record><leader>00000cas a22000007a 4500</leader><controlfield tag="001">27480661</controlfield><controlfield tag="008">930222d189519uucauwr ne      0    0eng d</controlfield><datafield ind1=" " ind2=" " tag="010"><subfield code="a">sn 93053013 </subfield></datafield><datafield ind1=" " ind2=" " tag="040"><subfield code="a">CUY</subfield><subfield code="b">eng</subfield><subfield code="c">CNK</subfield><subfield code="d">OCLCQ</subfield><subfield code="d">OCLCF</subfield><subfield code="d">OCLCO</subfield></datafield><datafield ind1="1" ind2=" " tag="029"><subfield code="a">AU@</subfield><subfield code="b">000020734767</subfield></datafield><datafield ind1=" " ind2=" " tag="042"><subfield code="a">msc</subfield></datafield><datafield ind1=" " ind2=" " tag="043"><subfield code="a">n-us-ca</subfield></datafield><datafield ind1="0" ind2="0" tag="245"><subfield code="a">Oroville weekly Mercury.</subfield></datafield><datafield ind1=" " ind2=" " tag="260"><subfield code="a">Oroville, Butte County, Cal. :</subfield><subfield code="b">Hart A. Downer</subfield></datafield><datafield ind1=" " ind2=" " tag="300"><subfield code="a">v.</subfield></datafield><datafield ind1=" " ind2=" " tag="310"><subfield code="a">Weekly</subfield></datafield><datafield ind1="0" ind2=" " tag="362"><subfield code="a">Vol. 25, no. 11 (Sept. 13, 1895)-</subfield></datafield><datafield ind1=" " ind2="0" tag="651"><subfield code="a">Oroville (Calif.)</subfield><subfield code="v">Newspapers.</subfield></datafield><datafield ind1=" " ind2="7" tag="655"><subfield code="a">Newspapers.</subfield><subfield code="2">fast</subfield><subfield code="0">(OCoLC)fst01423814</subfield></datafield><datafield ind1=" " ind2="7" tag="651"><subfield code="a">California</subfield><subfield code="z">Oroville.</subfield><subfield code="2">fast</subfield><subfield code="0">(OCoLC)fst01214296</subfield></datafield><datafield ind1=" " ind2=" " tag="752"><subfield code="a">United States</subfield><subfield code="b">California</subfield><subfield code="c">Butte</subfield><subfield code="d">Oroville.</subfield></datafield><datafield ind1="0" ind2=" " tag="775"><subfield code="t">Oroville Mercury (Oroville, Calif : 1896)</subfield><subfield code="w">(DLC)sn 93053017</subfield></datafield><datafield ind1="0" ind2="0" tag="780"><subfield code="t">Weekly Orovile Mercury</subfield><subfield code="w">(DLC)sn 97060669</subfield></datafield></record>